<marc:record xmlns:marc="http://www.loc.gov/MARC21/slim" xmlns:xsi="http://www.w3.org/2001/XMLSchema-instance" xsi:schemaLocation="http://www.loc.gov/MARC21/slim http://www.loc.gov/standards/marcxml/schema/MARC21slim.xsd">
  <marc:leader>     cam a2200253   4500</marc:leader>
  <marc:controlfield tag="001">001680166</marc:controlfield>
  <marc:controlfield tag="003">NNU</marc:controlfield>
  <marc:controlfield tag="005">20001218222446.0</marc:controlfield>
  <marc:controlfield tag="008">800924s1968    iq            000 0 ara  </marc:controlfield>
  <marc:datafield tag="010" ind1=" " ind2=" ">
    <marc:subfield code="a">79214090</marc:subfield>
  </marc:datafield>
  <marc:datafield tag="035" ind1="9" ind2=" ">
    <marc:subfield code="a">NYUb12223566</marc:subfield>
  </marc:datafield>
  <marc:datafield tag="035" ind1=" " ind2=" ">
    <marc:subfield code="a">NN804714079</marc:subfield>
  </marc:datafield>
  <marc:datafield tag="035" ind1=" " ind2=" ">
    <marc:subfield code="a">(CStRLIN)NYPG804714079-B</marc:subfield>
  </marc:datafield>
  <marc:datafield tag="040" ind1=" " ind2=" ">
    <marc:subfield code="c">NN</marc:subfield>
    <marc:subfield code="d">NN</marc:subfield>
  </marc:datafield>
  <marc:datafield tag="100" ind1="1" ind2=" ">
    <marc:subfield code="a">al-Baṣrī, ʻAbd al-Jabbār Dāwūd.</marc:subfield>
  </marc:datafield>
  <marc:datafield tag="245" ind1="1" ind2="0">
    <marc:subfield code="a">Shayʼ min al-turāth,</marc:subfield>
    <marc:subfield code="b">dirāsāt jadīdah fī taṭawwur bināʼ al-qaṣīdah al-ʻArabīyah [taʼlīf] ʻAbd al-Jabbār Dāwūd al-Baṣrī.</marc:subfield>
  </marc:datafield>
  <marc:datafield tag="260" ind1=" " ind2=" ">
    <marc:subfield code="a">Baghdād,</marc:subfield>
    <marc:subfield code="b">Maṭbaʻat Dār al-Baṣrī,</marc:subfield>
    <marc:subfield code="c">1968.</marc:subfield>
  </marc:datafield>
  <marc:datafield tag="300" ind1=" " ind2=" ">
    <marc:subfield code="a">318 p.</marc:subfield>
    <marc:subfield code="c">24 cm.</marc:subfield>
  </marc:datafield>
  <marc:datafield tag="500" ind1=" " ind2=" ">
    <marc:subfield code="a">Bibliography: p. 281-290.</marc:subfield>
  </marc:datafield>
  <marc:datafield tag="650" ind1=" " ind2="0">
    <marc:subfield code="a">Qasidas</marc:subfield>
    <marc:subfield code="x">History and criticism.</marc:subfield>
  </marc:datafield>
  <marc:datafield tag="650" ind1=" " ind2="0">
    <marc:subfield code="a">Arabic poetry</marc:subfield>
    <marc:subfield code="x">History and criticism.</marc:subfield>
  </marc:datafield>
  <marc:datafield tag="950" ind1=" " ind2=" ">
    <marc:subfield code="l">BMAIN</marc:subfield>
    <marc:subfield code="a">PJ7561</marc:subfield>
    <marc:subfield code="b">.B3x</marc:subfield>
  </marc:datafield>
  <marc:datafield tag="955" ind1=" " ind2=" ">
    <marc:subfield code="l">BMAIN</marc:subfield>
    <marc:subfield code="c">1</marc:subfield>
    <marc:subfield code="r">028856469</marc:subfield>
  </marc:datafield>
  <marc:datafield tag="955" ind1=" " ind2=" ">
    <marc:subfield code="l">BMAIN</marc:subfield>
    <marc:subfield code="c">2</marc:subfield>
    <marc:subfield code="r">028856402</marc:subfield>
  </marc:datafield>
  <marc:datafield tag="998" ind1=" " ind2=" ">
    <marc:subfield code="s">1665</marc:subfield>
  </marc:datafield>
</marc:record>
